version https://git-lfs.github.com/spec/v1
oid sha256:0fbb84b7803bed7e99c7da2b288a49d2ff4d05f95bb4c15155e5393e41b8ccab
size 2345
